@techreport{naurSoftwareEngineering1968,
  type = {Report to {{NATO}} Science Committee},
  title = {Software {{Engineering}}},
  editor = {Naur, Peter and Randell, Brian},
  year = {1968},
  month = oct,
  address = {{Garmisch, Germany}}
}

@inproceedings{mcilroyMassProducedSoftwareComponents1968,
  title = {Mass-{{Produced Software Components}}},
  booktitle = {Proceedings of {{NATO Software Engineering Conference}}},
  author = {McIlroy, Doug},
  editor = {Naur, P. and Randell, B.},
  year = {1968},
  month = oct,
  pages = {138--155},
  address = {{Garmisch, Germany}},
  keywords = {components history key-reading}
}

@book{macroCraftSoftwareEngineering1987,
  title = {The Craft of Software Engineering},
  author = {Macro, Allen and Buxton, J. N.},
  year = {1987},
  series = {International Computer Science Series},
  publisher = {{Addison-Wesley}},
  address = {{Wokingham, England ; Reading, Mass}},
  isbn = {978-0-201-18488-4},
  lccn = {QA76.76.D47 M33 1987},
  keywords = {Software engineering}
}
