@article{fayEvaluationTestsUsed1938,
  title = {An {{Evaluation}} of {{Some}} of the {{Tests Used}} in {{Detecting Mastitis}} in {{Dairy Cattle}}},
  author = {Fay, A. C.},
  year = {1938},
  month = may,
  journal = {Journal of Milk Technology},
  volume = {1},
  number = {4},
  pages = {38--42},
  issn = {0095-9766},
  doi = {10.4315/0095-9766-1.4.38},
  langid = {english},
  annotation = {00003}
}
